@book{calc,
	title = {Non-Newtonian Calculus},
	author = {Michael Grossman and Robert Katz},
	publisher = {Lee Press},
	address = {Pigeon Cove, Massachussets},
	year = {1972}
}
